@article{PEARCE_2017_PANDDA,
   author = {Pearce, N. M. and Krojer, T. and Bradley, A. R. and Collins, P. and Nowak, R. P. and Talon, R. and Marsden, B. D. and Kelm, S. and Shi, J. and Deane, C. M. and von Delft, F.},
   title = {A multi-crystal method for extracting obscured crystallographic states from conventionally uninterpretable electron density},
   journal = {Nat Commun},
   volume = {8},
   pages = {15123},
   ISSN = {2041-1723 (Electronic)
2041-1723 (Linking)},
   DOI = {10.1038/ncomms15123},
   url = {https://www.ncbi.nlm.nih.gov/pubmed/28436492},
   year = {2017},
   type = {Journal Article}
}

@article{wwPDB_2019_PDB,
   author = {ww, P. D. B. consortium},
   title = {{Protein Data Bank}: the single global archive for 3D macromolecular structure data},
   journal = {Nucleic Acids Res},
   volume = {47},
   number = {D1},
   pages = {D520-D528},
   ISSN = {1362-4962 (Electronic)
0305-1048 (Linking)},
   DOI = {10.1093/nar/gky949},
   url = {https://www.ncbi.nlm.nih.gov/pubmed/30357364},
   year = {2019},
   type = {Journal Article}
}

@article{KRISSINEL_2007_PISA,
   author = {Krissinel, E. and Henrick, K.},
   title = {{Inference of macromolecular assemblies from crystalline state}},
   journal = {J Mol Biol},
   volume = {372},
   number = {3},
   pages = {774-97},
   ISSN = {0022-2836 (Print)
0022-2836 (Linking)},
   DOI = {10.1016/j.jmb.2007.05.022},
   url = {https://www.ncbi.nlm.nih.gov/pubmed/17681537},
   year = {2007},
   type = {Journal Article}
}

@article{MACGOWAN_2020_DRSASP,
   author = {MacGowan, S. A. and Madeira, F. and Britto-Borges, T. and Warowny, M. and Drozdetskiy, A. and Procter, J. B. and Barton, G. J.},
   title = {{The Dundee Resource for Sequence Analysis and Structure Prediction}},
   journal = {Protein Sci},
   volume = {29},
   number = {1},
   pages = {277-297},
   ISSN = {1469-896X (Electronic)
0961-8368 (Linking)},
   DOI = {10.1002/pro.3783},
   url = {https://www.ncbi.nlm.nih.gov/pubmed/31710725},
   year = {2020},
   type = {Journal Article}
}

@article{SHIN_2005_PDBLIGAND,
   author = {Shin, J. M. and Cho, D. H.},
   title = {{PDB-Ligand}: a ligand database based on PDB for the automated and customized classification of ligand-binding structures},
   journal = {Nucleic Acids Res},
   volume = {33},
   number = {Database issue},
   pages = {D238-41},
   ISSN = {1362-4962 (Electronic)
0305-1048 (Linking)},
   DOI = {10.1093/nar/gki059},
   url = {https://www.ncbi.nlm.nih.gov/pubmed/15608186},
   year = {2005},
   type = {Journal Article}
}

@article{KOZAKOV_2005_CLUSTERING,
   author = {Kozakov, D. and Clodfelter, K. H. and Vajda, S. and Camacho, C. J.},
   title = {{Optimal clustering for detecting near-native conformations in protein docking}},
   journal = {Biophys J},
   volume = {89},
   number = {2},
   pages = {867-75},
   ISSN = {0006-3495 (Print)
0006-3495 (Linking)},
   DOI = {10.1529/biophysj.104.058768},
   url = {https://www.ncbi.nlm.nih.gov/pubmed/15908573},
   year = {2005},
   type = {Journal Article}
}

@article{WASS_2010_3DLIGANDSITE,
   author = {Wass, M. N. and Kelley, L. A. and Sternberg, M. J.},
   title = {{3DLigandSite}: predicting ligand-binding sites using similar structures},
   journal = {Nucleic Acids Res},
   volume = {38},
   number = {Web Server issue},
   pages = {W469-73},
   ISSN = {1362-4962 (Electronic)
0305-1048 (Linking)},
   DOI = {10.1093/nar/gkq406},
   url = {https://www.ncbi.nlm.nih.gov/pubmed/20513649},
   year = {2010},
   type = {Journal Article}
}

@article{MCGREIG_2022_3DLIGANDSITE,
   author = {McGreig, J. E. and Uri, H. and Antczak, M. and Sternberg, M. J. E. and Michaelis, M. and Wass, M. N.},
   title = {{3DLigandSite}: structure-based prediction of protein-ligand binding sites},
   journal = {Nucleic Acids Res},
   ISSN = {1362-4962 (Electronic)
0305-1048 (Linking)},
   DOI = {10.1093/nar/gkac250},
   url = {https://www.ncbi.nlm.nih.gov/pubmed/35412635},
   year = {2022},
   type = {Journal Article}
}

@article{JUBB_2017_ARPEGGIO,
   author = {Jubb, H. C. and Higueruelo, A. P. and Ochoa-Montano, B. and Pitt, W. R. and Ascher, D. B. and Blundell, T. L.},
   title = {{Arpeggio: A Web Server for Calculating and Visualising Interatomic Interactions in Protein Structures}},
   journal = {J Mol Biol},
   volume = {429},
   number = {3},
   pages = {365-371},
   ISSN = {1089-8638 (Electronic)
0022-2836 (Linking)},
   DOI = {10.1016/j.jmb.2016.12.004},
   url = {https://www.ncbi.nlm.nih.gov/pubmed/27964945},
   year = {2017},
   type = {Journal Article}
}

@misc{BARTON_1993_OC,
  author       = {Barton, G. J.},
  title        = {{OC} - A cluster analysis program},
  year         = {1993, 2002, 2004},
  organization = {University of Dundee, UK},
}

@article{RUSSELL_1992_STAMP,
   author = {Russell, R. B. and Barton, G. J.},
   title = {{Multiple protein sequence alignment from tertiary structure comparison: assignment of global and residue confidence levels}},
   journal = {Proteins},
   volume = {14},
   number = {2},
   pages = {309-23},
   ISSN = {0887-3585 (Print)
0887-3585 (Linking)},
   DOI = {10.1002/prot.340140216},
   url = {https://www.ncbi.nlm.nih.gov/pubmed/1409577},
   year = {1992},
   type = {Journal Article}
}

@article{PETTERSEN_2004_CHIMERA,
   author = {Pettersen, E. F. and Goddard, T. D. and Huang, C. C. and Couch, G. S. and Greenblatt, D. M. and Meng, E. C. and Ferrin, T. E.},
   title = {{UCSF Chimera} -- a visualization system for exploratory research and analysis},
   journal = {J Comput Chem},
   volume = {25},
   number = {13},
   pages = {1605-12},
   ISSN = {0192-8651 (Print)
0192-8651 (Linking)},
   DOI = {10.1002/jcc.20084},
   url = {https://www.ncbi.nlm.nih.gov/pubmed/15264254},
   year = {2004},
   type = {Journal Article}
}

@article{BOUTET_2016_UNIPROT,
   author = {Boutet, E. and Lieberherr, D. and Tognolli, M. and Schneider, M. and Bansal, P. and Bridge, A. J. and Poux, S. and Bougueleret, L. and Xenarios, I.},
   title = {{UniProtKB/Swiss-Prot, the Manually Annotated Section of the UniProt KnowledgeBase: How to Use the Entry View}},
   journal = {Methods Mol Biol},
   volume = {1374},
   pages = {23-54},
   ISSN = {1940-6029 (Electronic)
1064-3745 (Linking)},
   DOI = {10.1007/978-1-4939-3167-5_2},
   url = {https://www.ncbi.nlm.nih.gov/pubmed/26519399},
   year = {2016},
   type = {Journal Article}
}

@article{EDDY_1995_HMMER,
   author = {Eddy, S. R.},
   title = {{Multiple alignment using hidden Markov models}},
   journal = {Proc Int Conf Intell Syst Mol Biol},
   volume = {3},
   pages = {114-20},
   ISSN = {1553-0833 (Print)
1553-0833 (Linking)},
   url = {https://www.ncbi.nlm.nih.gov/pubmed/7584426},
   year = {1995},
   type = {Journal Article}
}

@article{SHENKIN_1991_SCORE,
   author = {Shenkin, P. S. and Erman, B. and Mastrandrea, L. D.},
   title = {{Information-theoretical entropy as a measure of sequence variability}},
   journal = {Proteins},
   volume = {11},
   number = {4},
   pages = {297-313},
   ISSN = {0887-3585 (Print)
0887-3585 (Linking)},
   DOI = {10.1002/prot.340110408},
   url = {https://www.ncbi.nlm.nih.gov/pubmed/1758884},
   year = {1991},
   type = {Journal Article}
}

@article{UTGES_2021_ANKS,
   author = {Utges, J. S. and Tsenkov, M. I. and Dietrich, N. J. M. and MacGowan, S. A. and Barton, G. J.},
   title = {{Ankyrin repeats in context with human population variation}},
   journal = {PLoS Comput Biol},
   volume = {17},
   number = {8},
   pages = {e1009335},
   ISSN = {1553-7358 (Electronic)
1553-734X (Linking)},
   DOI = {10.1371/journal.pcbi.1009335},
   url = {https://www.ncbi.nlm.nih.gov/pubmed/34428215},
   year = {2021},
   type = {Journal Article}
}

@article{KARCZEWSKI_2020_GNOMAD,
   author = {Karczewski, K. J. and Francioli, L. C. and Tiao, G. and Cummings, B. B. and Alfoldi, J. and Wang, Q. and Collins, R. L. and Laricchia, K. M. and Ganna, A. and Birnbaum, D. P. and Gauthier, L. D. and Brand, H. and Solomonson, M. and Watts, N. A. and Rhodes, D. and Singer-Berk, M. and England, E. M. and Seaby, E. G. and Kosmicki, J. A. and Walters, R. K. and Tashman, K. and Farjoun, Y. and Banks, E. and Poterba, T. and Wang, A. and Seed, C. and Whiffin, N. and Chong, J. X. and Samocha, K. E. and Pierce-Hoffman, E. and Zappala, Z. and O'Donnell-Luria, A. H. and Minikel, E. V. and Weisburd, B. and Lek, M. and Ware, J. S. and Vittal, C. and Armean, I. M. and Bergelson, L. and Cibulskis, K. and Connolly, K. M. and Covarrubias, M. and Donnelly, S. and Ferriera, S. and Gabriel, S. and Gentry, J. and Gupta, N. and Jeandet, T. and Kaplan, D. and Llanwarne, C. and Munshi, R. and Novod, S. and Petrillo, N. and Roazen, D. and Ruano-Rubio, V. and Saltzman, A. and Schleicher, M. and Soto, J. and Tibbetts, K. and Tolonen, C. and Wade, G. and Talkowski, M. E. and Genome Aggregation Database, Consortium and Neale, B. M. and Daly, M. J. and MacArthur, D. G.},
   title = {{The mutational constraint spectrum quantified from variation in 141,456 humans}},
   journal = {Nature},
   volume = {581},
   number = {7809},
   pages = {434-443},
   ISSN = {1476-4687 (Electronic)
0028-0836 (Linking)},
   DOI = {10.1038/s41586-020-2308-7},
   url = {https://www.ncbi.nlm.nih.gov/pubmed/32461654},
   year = {2020},
   type = {Journal Article}
}

@article{MACGOWAN_2017_VARIANTS,
   author = {MacGowan, Stuart A. and Madeira, Fábio and Britto-Borges, Thiago and Schmittner, Melanie S. and Cole, Christian and Barton, Geoffrey J.},
   title = {{Human Missense Variation is Constrained by Domain Structure and Highlights Functional and Pathogenic Residues}},
   journal = {bioRxiv},
   pages = {127050},
   DOI = {10.1101/127050},
   url = {https://www.biorxiv.org/content/biorxiv/early/2017/04/13/127050.full.pdf},
   year = {2017},
   type = {Journal Article}
}

@article{MACGOWAN_2024_VARIANTS,
   author = {MacGowan, Stuart A. and Madeira, Fábio and Britto-Borges, Thiago and Barton, Geoffrey J.},
   title = {{A unified analysis of evolutionary and population constraint in protein domains highlights structural features and pathogenic sites}},
   journal = {Communications Biology},
   volume = {7},
   number = {1},
   pages = {447},
   ISSN = {2399-3642},
   DOI = {10.1038/s42003-024-06117-5},
   url = {https://doi.org/10.1038/s42003-024-06117-5},
   year = {2024},
   type = {Journal Article}
}

@article{SZUMILAS_2010_ODDSRATIOS,
   author = {Szumilas, M.},
   title = {{Explaining odds ratios}},
   journal = {J Can Acad Child Adolesc Psychiatry},
   volume = {19},
   number = {3},
   pages = {227-9},
   ISSN = {2293-6122 (Electronic)
1719-8429 (Linking)},
   url = {https://www.ncbi.nlm.nih.gov/pubmed/20842279},
   year = {2010},
   type = {Journal Article}
}

@article{KABSCH_1983_DSSP,
   author = {Kabsch, W. and Sander, C.},
   title = {{Dictionary of protein secondary structure: pattern recognition of hydrogen-bonded and geometrical features}},
   journal = {Biopolymers},
   volume = {22},
   number = {12},
   pages = {2577-637},
   ISSN = {0006-3525 (Print)
0006-3525 (Linking)},
   DOI = {10.1002/bip.360221211},
   url = {https://www.ncbi.nlm.nih.gov/pubmed/6667333},
   year = {1983},
   type = {Journal Article}
}

@article{TIEN_2013_RSA,
   author = {Tien, M. Z. and Meyer, A. G. and Sydykova, D. K. and Spielman, S. J. and Wilke, C. O.},
   title = {{Maximum allowed solvent accessibilites of residues in proteins}},
   journal = {PLoS One},
   volume = {8},
   number = {11},
   pages = {e80635},
   ISSN = {1932-6203 (Electronic)
1932-6203 (Linking)},
   DOI = {10.1371/journal.pone.0080635},
   url = {https://www.ncbi.nlm.nih.gov/pubmed/24278298},
   year = {2013},
   type = {Journal Article}
}

@article{MANN_WHITNEY_1947_TEST,
   author = {Mann, H. B. and Whitney, D. R.},
   title = {{On a Test of Whether one of Two Random Variables is Stochastically Larger than the Other}},
   journal = {The Annals of Mathematical Statistics},
   volume = {18},
   number = {1},
   pages = {50-60, 11},
   url = {https://doi.org/10.1214/aoms/1177730491},
   year = {1947},
   type = {Journal Article}
}

@article{VIRTANEN_2020_SCIPY,
   author = {Virtanen, P. and Gommers, R. and Oliphant, T. E. and Haberland, M. and Reddy, T. and Cournapeau, D. and Burovski, E. and Peterson, P. and Weckesser, W. and Bright, J. and van der Walt, S. J. and Brett, M. and Wilson, J. and Millman, K. J. and Mayorov, N. and Nelson, A. R. J. and Jones, E. and Kern, R. and Larson, E. and Carey, C. J. and Polat, I. and Feng, Y. and Moore, E. W. and VanderPlas, J. and Laxalde, D. and Perktold, J. and Cimrman, R. and Henriksen, I. and Quintero, E. A. and Harris, C. R. and Archibald, A. M. and Ribeiro, A. H. and Pedregosa, F. and van Mulbregt, P. and SciPy, Contributors},
   title = {{SciPy 1.0: fundamental algorithms for scientific computing in Python}},
   journal = {Nat Methods},
   volume = {17},
   number = {3},
   pages = {261-272},
   ISSN = {1548-7105 (Electronic)
1548-7091 (Print)
1548-7091 (Linking)},
   DOI = {10.1038/s41592-019-0686-2},
   url = {https://www.ncbi.nlm.nih.gov/pubmed/32015543},
   year = {2020},
   type = {Journal Article}
}

@article{LLOYD_1982_KMEANS,
   author = {Lloyd, S.},
   title = {{Least squares quantization in PCM}},
   journal = {IEEE Transactions on Information Theory},
   volume = {28},
   number = {2},
   pages = {129-137},
   ISSN = {1557-9654},
   DOI = {10.1109/TIT.1982.1056489},
   year = {1982},
   type = {Journal Article}
}

@book{SORENSEN_1948_CL,
    author = {Thorvald Sørensen},
    title = {{A method of establishing group of equal amplitude in plant sociobiology based on similarity of species content and its application to analyses of the vegetation on Danish commons}},
    publisher = {Munksgaard in Komm.},
    year = {1948}
}

@article{SOKAL_1958_UPGMA,
   author = {Sokal, R. R. and Michener, C. D.},
   title = {{A statistical method for evaluating systematic relationships}},
   journal = {University of Kansas Science Bulletin},
   volume = {38},
   pages = {1409-1438},
   year = {1958},
   type = {Journal Article}
}

@article{WARD_1963_CLUSTERING,
   author = {Ward, Joe H.},
   title = {{Hierarchical Grouping to Optimize an Objective Function}},
   journal = {Journal of the American Statistical Association},
   volume = {58},
   number = {301},
   pages = {236-244},
   ISSN = {0162-1459},
   DOI = {10.1080/01621459.1963.10500845},
   url = {https://www.tandfonline.com/doi/abs/10.1080/01621459.1963.10500845},
   year = {1963},
   type = {Journal Article}
}

@article{MEAD_1992_MDS,
   author = {Mead, A.},
   title = {{Review of the Development of Multidimensional Scaling Methods}},
   journal = {Journal of the Royal Statistical Society. Series D (The Statistician)},
   volume = {41},
   number = {1},
   pages = {27-39},
   ISSN = {00390526, 14679884},
   DOI = {10.2307/2348634},
   url = {http://www.jstor.org/stable/2348634},
   year = {1992},
   type = {Journal Article}
}

@article{ROUSSEEUW_1987_SILHOUETTES,
   author = {Rousseeuw, Peter J.},
   title = {{Silhouettes: A graphical aid to the interpretation and validation of cluster analysis}},
   journal = {Journal of Computational and Applied Mathematics},
   volume = {20},
   pages = {53-65},
   ISSN = {0377-0427},
   DOI = {https://doi.org/10.1016/0377-0427(87)90125-7},
   url = {https://www.sciencedirect.com/science/article/pii/0377042787901257},
   year = {1987},
   type = {Journal Article}
}

@article{THORNDIKE_1953_ELBOW,
   author = {Thorndike, Robert L.},
   title = {{Who belongs in the family?}},
   journal = {Psychometrika},
   volume = {18},
   number = {4},
   pages = {267-276},
   ISSN = {1860-0980},
   DOI = {10.1007/BF02289263},
   url = {https://doi.org/10.1007/BF02289263},
   year = {1953},
   type = {Journal Article}
}

@article{CALINSKI_1974_CHI,
   author = {Caliński, T. and Harabasz, J.},
   title = {{A dendrite method for cluster analysis}},
   journal = {Communications in Statistics},
   volume = {3},
   number = {1},
   pages = {1-27},
   ISSN = {0090-3272},
   DOI = {10.1080/03610927408827101},
   url = {https://www.tandfonline.com/doi/abs/10.1080/03610927408827101},
   year = {1974},
   type = {Journal Article}
}

@article{DAVIES_1979_DBI,
   author = {Davies, D. L. and Bouldin, D. W.},
   title = {{A Cluster Separation Measure}},
   journal = {IEEE Transactions on Pattern Analysis and Machine Intelligence},
   volume = {PAMI-1},
   number = {2},
   pages = {224-227},
   ISSN = {1939-3539},
   DOI = {10.1109/TPAMI.1979.4766909},
   year = {1979},
   type = {Journal Article}
}

@article{PEDREGOSA_2011_SKLEARN,
   author = {Pedregosa, Fabian and Varoquaux, Ga\"e, l and Gramfort, Alexandre and Michel, Vincent and Thirion, Bertrand and Grisel, Olivier and Blondel, Mathieu and Prettenhofer, Peter and Weiss, Ron and Dubourg, Vincent and others},
   title = {{Scikit-learn: Machine learning in Python}},
   journal = {Journal of Machine Learning Research},
   volume = {12},
   number = {Oct},
   pages = {2825--2830},
   year = {2011},
   type = {Journal Article}
}

@article{CYBENKO_1989_MLP,
   author = {Cybenko, G.},
   title = {{Approximation by superpositions of a sigmoidal function}},
   journal = {Mathematics of Control, Signals and Systems},
   volume = {2},
   number = {4},
   pages = {303-314},
   ISSN = {1435-568X},
   DOI = {10.1007/BF02551274},
   url = {https://doi.org/10.1007/BF02551274},
   year = {1989},
   type = {Journal Article}
}

@article{CHOLLET_2015_KERAS,
   author = {Chollet, François},
   title = {Keras},
   journal = {GitHub repository},
   url = {https://github.com/fchollet/keras},
   year = {2015},
   type = {Journal Article}
}

@article{CUFF_2000_PROFILES,
   author = {Cuff, J. A. and Barton, G. J.},
   title = {{Application of multiple sequence alignment profiles to improve protein secondary structure prediction}},
   journal = {Proteins},
   volume = {40},
   number = {3},
   pages = {502-11},
   ISSN = {0887-3585 (Print)
0887-3585 (Linking)},
   DOI = {10.1002/1097-0134(20000815)40:3<502::aid-prot170>3.0.co;2-q},
   url = {https://www.ncbi.nlm.nih.gov/pubmed/10861942},
   year = {2000},
   type = {Journal Article}
}

@article{RAND_1971_ARI,
   author = {Rand, William M.},
   title = {{Objective Criteria for the Evaluation of Clustering Methods}},
   journal = {Journal of the American Statistical Association},
   volume = {66},
   number = {336},
   pages = {846-850},
   ISSN = {0162-1459},
   DOI = {10.1080/01621459.1971.10482356},
   url = {https://www.tandfonline.com/doi/abs/10.1080/01621459.1971.10482356},
   year = {1971},
   type = {Journal Article}
}

@article{HUBERT_1985_ARI,
   author = {Hubert, Lawrence and Arabie, Phipps},
   title = {{Comparing partitions}},
   journal = {Journal of Classification},
   volume = {2},
   number = {1},
   pages = {193-218},
   ISSN = {1432-1343},
   DOI = {10.1007/BF01908075},
   url = {https://doi.org/10.1007/BF01908075},
   year = {1985},
   type = {Journal Article}
}

@inproceedings{VINH_2009_AMI,
author = {Vinh, Nguyen Xuan and Epps, Julien and Bailey, James},
title = {{Information theoretic measures for clusterings comparison: is a correction for chance necessary?}},
year = {2009},
isbn = {9781605585161},
publisher = {Association for Computing Machinery},
address = {New York, NY, USA},
url = {https://doi.org/10.1145/1553374.1553511},
doi = {10.1145/1553374.1553511},
abstract = {Information theoretic based measures form a fundamental class of similarity measures for comparing clusterings, beside the class of pair-counting based and set-matching based measures. In this paper, we discuss the necessity of correction for chance for information theoretic based measures for clusterings comparison. We observe that the baseline for such measures, i.e. average value between random partitions of a data set, does not take on a constant value, and tends to have larger variation when the ratio between the number of data points and the number of clusters is small. This effect is similar in some other non-information theoretic based measures such as the well-known Rand Index. Assuming a hypergeometric model of randomness, we derive the analytical formula for the expected mutual information value between a pair of clusterings, and then propose the adjusted version for several popular information theoretic based measures. Some examples are given to demonstrate the need and usefulness of the adjusted measures.},
booktitle = {Proceedings of the 26th Annual International Conference on Machine Learning},
pages = {1073–1080},
numpages = {8},
location = {Montreal, Quebec, Canada},
series = {ICML '09}
}

@article{VINH_2010_AMI,
   author = {Vinh, Nguyen and Epps, Julien and Bailey, James},
   title = {{Information Theoretic Measures for Clusterings Comparison: Variants, Properties, Normalization and Correction for Chance}},
   journal = {Journal of Machine Learning Research},
   volume = {11},
   pages = {2837-2854},
   year = {2010},
   type = {Journal Article}
}

@article{STEINLEY_2016_ARI,
   author = {Steinley, Douglas and Brusco, Michael J. and Hubert, Lawrence},
   title = {{The variance of the adjusted Rand index}},
   journal = {Psychological Methods},
   volume = {21},
   number = {2},
   pages = {261-272},
   ISSN = {1939-1463(Electronic),1082-989X(Print)},
   DOI = {10.1037/met0000049},
   year = {2016},
   type = {Journal Article}
}

@article{WILSON_197_PROP_CI,
   author = {Wilson, Edwin B.},
   title = {{Probable Inference, the Law of Succession, and Statistical Inference}},
   journal = {Journal of the American Statistical Association},
   volume = {22},
   number = {158},
   pages = {209-212},
   ISSN = {0162-1459},
   DOI = {10.1080/01621459.1927.10502953},
   url = {https://www.tandfonline.com/doi/abs/10.1080/01621459.1927.10502953},
   year = {1927},
   type = {Journal Article}
}

@article{UNIPROT_2019_UNIPROT,
   author = {UniProt, Consortium},
   title = {{UniProt: a worldwide hub of protein knowledge}},
   journal = {Nucleic Acids Res},
   volume = {47},
   number = {D1},
   pages = {D506-D515},
   ISSN = {1362-4962 (Electronic)
0305-1048 (Linking)},
   DOI = {10.1093/nar/gky1049},
   url = {https://www.ncbi.nlm.nih.gov/pubmed/30395287},
   year = {2019},
   type = {Journal Article}
}

@article{NIGHTINGALE_2017_API,
   author = {Nightingale, A. and Antunes, R. and Alpi, E. and Bursteinas, B. and Gonzales, L. and Liu, W. and Luo, J. and Qi, G. and Turner, E. and Martin, M.},
   title = {{The Proteins API: accessing key integrated protein and genome information}},
   journal = {Nucleic Acids Res},
   volume = {45},
   number = {W1},
   pages = {W539-W544},
   ISSN = {1362-4962 (Electronic)
0305-1048 (Print)
0305-1048 (Linking)},
   DOI = {10.1093/nar/gkx237},
   url = {https://www.ncbi.nlm.nih.gov/pubmed/28383659},
   year = {2017},
   type = {Journal Article}
}

@article{HARRIS_2020_NUMPY,
   author = {Harris, Charles R. and Millman, K. Jarrod and van der Walt, Stéfan J. and Gommers, Ralf and Virtanen, Pauli and Cournapeau, David and Wieser, Eric and Taylor, Julian and Berg, Sebastian and Smith, Nathaniel J. and Kern, Robert and Picus, Matti and Hoyer, Stephan and van Kerkwijk, Marten H. and Brett, Matthew and Haldane, Allan and del Río, Jaime Fernández and Wiebe, Mark and Peterson, Pearu and Gérard-Marchant, Pierre and Sheppard, Kevin and Reddy, Tyler and Weckesser, Warren and Abbasi, Hameer and Gohlke, Christoph and Oliphant, Travis E.},
   title = {{Array programming with NumPy}},
   journal = {Nature},
   volume = {585},
   number = {7825},
   pages = {357-362},
   DOI = {10.1038/s41586-020-2649-2},
   url = {https://doi.org/10.1038/s41586-020-2649-2
http://dx.doi.org/10.1038/s41586-020-2649-2},
   year = {2020},
   type = {Journal Article}
}

@inproceedings{MCKINNEY_2010_PANDAS,
author = {McKinney, Wes},
year = {2010},
month = {01},
pages = {56-61},
title = {{Data Structures for Statistical Computing in Python}},
doi = {10.25080/Majora-92bf1922-00a}
}

@software{PANDAS_2022_PANDAS,
  author       = {The pandas development team},
  title        = {pandas-dev/pandas: Pandas},
  month        = aug,
  year         = 2022,
  publisher    = {Zenodo},
  version      = {v1.5.0rc0},
  doi          = {10.5281/zenodo.7018966},
  url          = {https://doi.org/10.5281/zenodo.7018966}
}

@article{HUNTER_2007_MATPLOTLIB,
   author = {Hunter, J. D.},
   title = {{Matplotlib: A 2D Graphics Environment}},
   journal = {Computing in Science & Engineering},
   volume = {9},
   number = {3},
   pages = {90-95},
   ISSN = {1558-366X},
   DOI = {10.1109/MCSE.2007.55},
   year = {2007},
   type = {Journal Article}
}

@article{WASKOM_2021_SEABORN,
   author = {Waskom, Michael L.},
   title = {{seaborn: statistical data visualization}},
   journal = {Journal of Open Source Software},
   volume = {6},
   number = {60},
   pages = {3021},
   DOI = {10.21105/joss.03021},
   url = {https://doi.org/10.21105/joss.03021
http://dx.doi.org/10.21105/joss.03021},
   year = {2021},
   type = {Journal Article}
}

@software{UTGES_2024_FRAGSYS_ZENODO,
  author       = {Javier Sánchez Utgés},
  title        = {bartongroup/FRAGSYS: Second release},
  month        = feb,
  year         = 2024,
  publisher    = {Zenodo},
  version      = {v2.0.0},
  doi          = {10.5281/zenodo.10606595},
  url          = {https://doi.org/10.5281/zenodo.10606595}
}

@article{RODGERS_1988_CORRELATION,
   author = {Lee Rodgers, Joseph and Nicewander, W. Alan},
   title = {{Thirteen Ways to Look at the Correlation Coefficient}},
   journal = {The American Statistician},
   volume = {42},
   number = {1},
   pages = {59-66},
   ISSN = {0003-1305},
   DOI = {10.1080/00031305.1988.10475524},
   url = {https://doi.org/10.1080/00031305.1988.10475524},
   year = {1988},
   type = {Journal Article}
}

@article{BOWLEY_1928_R_CI,
   author = {Bowley, A. L.},
   title = {{The Standard Deviation of the Correlation Coefficient}},
   journal = {Journal of the American Statistical Association},
   volume = {23},
   number = {161},
   pages = {31-34},
   ISSN = {01621459},
   DOI = {10.2307/2277400},
   url = {http://www.jstor.org/stable/2277400},
   year = {1928},
   type = {Journal Article}
}

@article{LUO_2015_FLAVIVIRUS,
   author = {Luo, D. and Vasudevan, S. G. and Lescar, J.},
   title = {{The flavivirus NS2B-NS3 protease-helicase as a target for antiviral drug development}},
   journal = {Antiviral Res},
   volume = {118},
   pages = {148-58},
   ISSN = {1872-9096 (Electronic)
0166-3542 (Linking)},
   DOI = {10.1016/j.antiviral.2015.03.014},
   url = {https://www.ncbi.nlm.nih.gov/pubmed/25842996},
   year = {2015},
   type = {Journal Article}
}

@article{CHOTHIA_1986_CONSERVATION,
   author = {Chothia, C. and Lesk, A. M.},
   title = {{The relation between the divergence of sequence and structure in proteins}},
   journal = {EMBO J},
   volume = {5},
   number = {4},
   pages = {823-6},
   ISSN = {0261-4189 (Print)
1460-2075 (Electronic)
0261-4189 (Linking)},
   DOI = {10.1002/j.1460-2075.1986.tb04288.x},
   url = {https://www.ncbi.nlm.nih.gov/pubmed/3709526},
   year = {1986},
   type = {Journal Article}
}

@article{RUSSELL_1994_UNCONSERVATION,
   author = {Russell, R. B. and Barton, G. J.},
   title = {{Structural features can be unconserved in proteins with similar folds. An analysis of side-chain to side-chain contacts secondary structure and accessibility}},
   journal = {J Mol Biol},
   volume = {244},
   number = {3},
   pages = {332-50},
   ISSN = {0022-2836 (Print)
0022-2836 (Linking)},
   DOI = {10.1006/jmbi.1994.1733},
   url = {https://www.ncbi.nlm.nih.gov/pubmed/7966343},
   year = {1994},
   type = {Journal Article}
}

@article{TIAN_2016_ZIKV,
   author = {Tian, H. and Ji, X. and Yang, X. and Xie, W. and Yang, K. and Chen, C. and Wu, C. and Chi, H. and Mu, Z. and Wang, Z. and Yang, H.},
   title = {{The crystal structure of Zika virus helicase: basis for antiviral drug design}},
   journal = {Protein Cell},
   volume = {7},
   number = {6},
   pages = {450-4},
   ISSN = {1674-8018 (Electronic)
1674-800X (Print)
1674-800X (Linking)},
   DOI = {10.1007/s13238-016-0275-4},
   url = {https://www.ncbi.nlm.nih.gov/pubmed/27172988},
   year = {2016},
   type = {Journal Article}
}

@article{MOTTIN_2017_ZIKA_HELICASE,
   author = {Mottin, M. and Braga, R. C. and da Silva, R. A. and Silva, Jhmd and Perryman, A. L. and Ekins, S. and Andrade, C. H.},
   title = {{Molecular dynamics simulations of Zika virus NS3 helicase: Insights into RNA binding site activity}},
   journal = {Biochem Biophys Res Commun},
   volume = {492},
   number = {4},
   pages = {643-651},
   ISSN = {1090-2104 (Electronic)
0006-291X (Linking)},
   DOI = {10.1016/j.bbrc.2017.03.070},
   url = {https://www.ncbi.nlm.nih.gov/pubmed/28341122},
   year = {2017},
   type = {Journal Article}
}

@article{RAUBENOLT_2021_ZIKA_ALLOSTERIC,
   author = {Raubenolt, B. A. and Wong, K. and Rick, S. W.},
   title = {{Molecular dynamics simulations of allosteric motions and competitive inhibition of the Zika virus helicase}},
   journal = {J Mol Graph Model},
   volume = {108},
   pages = {108001},
   ISSN = {1873-4243 (Electronic)
1093-3263 (Linking)},
   DOI = {10.1016/j.jmgm.2021.108001},
   url = {https://www.ncbi.nlm.nih.gov/pubmed/34388402},
   year = {2021},
   type = {Journal Article}
}

@article{DURGAM_2022_ZIKA_ATP,
   author = {Durgam, L. and Guruprasad, L.},
   title = {{Molecular mechanism of ATP and RNA binding to Zika virus NS3 helicase and identification of repurposed drugs using molecular dynamics simulations}},
   journal = {J Biomol Struct Dyn},
   volume = {40},
   number = {23},
   pages = {12642-12659},
   ISSN = {1538-0254 (Electronic)
0739-1102 (Linking)},
   DOI = {10.1080/07391102.2021.1973909},
   url = {https://www.ncbi.nlm.nih.gov/pubmed/34516356},
   year = {2022},
   type = {Journal Article}
}

@article{NAQVI_2020_SARSCOV2,
   author = {Naqvi, A. A. T. and Fatima, K. and Mohammad, T. and Fatima, U. and Singh, I. K. and Singh, A. and Atif, S. M. and Hariprasad, G. and Hasan, G. M. and Hassan, M. I.},
   title = {{Insights into SARS-CoV-2 genome, structure, evolution, pathogenesis and therapies: Structural genomics approach}},
   journal = {Biochim Biophys Acta Mol Basis Dis},
   volume = {1866},
   number = {10},
   pages = {165878},
   ISSN = {1879-260X (Electronic)
0925-4439 (Print)
0925-4439 (Linking)},
   DOI = {10.1016/j.bbadis.2020.165878},
   url = {https://www.ncbi.nlm.nih.gov/pubmed/32544429},
   year = {2020},
   type = {Journal Article}
}

@article{YUE_2022_SARSCOV2,
   author = {Yue, K. and Yao, B. and Shi, Y. and Yang, Y. and Qian, Z. and Ci, Y. and Shi, L.},
   title = {{The stalk domain of SARS-CoV-2 NSP13 is essential for its helicase activity}},
   journal = {Biochem Biophys Res Commun},
   volume = {601},
   pages = {129-136},
   ISSN = {1090-2104 (Electronic)
0006-291X (Print)
0006-291X (Linking)},
   DOI = {10.1016/j.bbrc.2022.02.068},
   url = {https://www.ncbi.nlm.nih.gov/pubmed/35245742},
   year = {2022},
   type = {Journal Article}
}

@article{SHU_2020_SARSCOV2,
   author = {Shu, T. and Huang, M. and Wu, D. and Ren, Y. and Zhang, X. and Han, Y. and Mu, J. and Wang, R. and Qiu, Y. and Zhang, D. Y. and Zhou, X.},
   title = {{SARS-Coronavirus-2 Nsp13 Possesses NTPase and RNA Helicase Activities That Can Be Inhibited by Bismuth Salts}},
   journal = {Virol Sin},
   volume = {35},
   number = {3},
   pages = {321-329},
   ISSN = {1995-820X (Electronic)
1674-0769 (Print)
1995-820X (Linking)},
   DOI = {10.1007/s12250-020-00242-1},
   url = {https://www.ncbi.nlm.nih.gov/pubmed/32500504},
   year = {2020},
   type = {Journal Article}
}

@article{ZENG_2021_SARSCOV2,
   author = {Zeng, J. and Weissmann, F. and Bertolin, A. P. and Posse, V. and Canal, B. and Ulferts, R. and Wu, M. and Harvey, R. and Hussain, S. and Milligan, J. C. and Roustan, C. and Borg, A. and McCoy, L. and Drury, L. S. and Kjaer, S. and McCauley, J. and Howell, M. and Beale, R. and Diffley, J. F. X.},
   title = {{Identifying SARS-CoV-2 antiviral compounds by screening for small molecule inhibitors of nsp13 helicase}},
   journal = {Biochem J},
   volume = {478},
   number = {13},
   pages = {2405-2423},
   ISSN = {1470-8728 (Electronic)
0264-6021 (Print)
0264-6021 (Linking)},
   DOI = {10.1042/BCJ20210201},
   url = {https://www.ncbi.nlm.nih.gov/pubmed/34198322},
   year = {2021},
   type = {Journal Article}
}

@article{ROMEO_2022_SARSCOV2,
   author = {Romeo, I. and Ambrosio, F. A. and Costa, G. and Corona, A. and Alkhatib, M. and Salpini, R. and Lemme, S. and Vergni, D. and Svicher, V. and Santoro, M. M. and Tramontano, E. and Ceccherini-Silberstein, F. and Artese, A. and Alcaro, S.},
   title = {{Targeting SARS-CoV-2 nsp13 Helicase and Assessment of Druggability Pockets: Identification of Two Potent Inhibitors by a Multi-Site In Silico Drug Repurposing Approach}},
   journal = {Molecules},
   volume = {27},
   number = {21},
   ISSN = {1420-3049 (Electronic)
1420-3049 (Linking)},
   DOI = {10.3390/molecules27217522},
   url = {https://www.ncbi.nlm.nih.gov/pubmed/36364347},
   year = {2022},
   type = {Journal Article}
}

@article{RICCI_2022_SARSCOV2,
   author = {Ricci, F. and Gitto, R. and Pitasi, G. and De Luca, L.},
   title = {{In Silico Insights towards the Identification of SARS-CoV-2 NSP13 Helicase Druggable Pockets}},
   journal = {Biomolecules},
   volume = {12},
   number = {4},
   ISSN = {2218-273X (Electronic)
2218-273X (Linking)},
   DOI = {10.3390/biom12040482},
   url = {https://www.ncbi.nlm.nih.gov/pubmed/35454070},
   year = {2022},
   type = {Journal Article}
}

@article{YAN_2020_SARSCOV2,
   author = {Yan, L. and Zhang, Y. and Ge, J. and Zheng, L. and Gao, Y. and Wang, T. and Jia, Z. and Wang, H. and Huang, Y. and Li, M. and Wang, Q. and Rao, Z. and Lou, Z.},
   title = {{Architecture of a SARS-CoV-2 mini replication and transcription complex}},
   journal = {Nat Commun},
   volume = {11},
   number = {1},
   pages = {5874},
   ISSN = {2041-1723 (Electronic)
2041-1723 (Linking)},
   DOI = {10.1038/s41467-020-19770-1},
   url = {https://www.ncbi.nlm.nih.gov/pubmed/33208736},
   year = {2020},
   type = {Journal Article}
}

@article{NEWMAN_2021_SARSCOV2,
   author = {Newman, J. A. and Douangamath, A. and Yadzani, S. and Yosaatmadja, Y. and Aimon, A. and Brandao-Neto, J. and Dunnett, L. and Gorrie-Stone, T. and Skyner, R. and Fearon, D. and Schapira, M. and von Delft, F. and Gileadi, O.},
   title = {{Structure, mechanism and crystallographic fragment screening of the SARS-CoV-2 NSP13 helicase}},
   journal = {Nat Commun},
   volume = {12},
   number = {1},
   pages = {4848},
   ISSN = {2041-1723 (Electronic)
2041-1723 (Linking)},
   DOI = {10.1038/s41467-021-25166-6},
   url = {https://www.ncbi.nlm.nih.gov/pubmed/34381037},
   year = {2021},
   type = {Journal Article}
}

@article{BHATTACHARYYA_2022_TNC,
   author = {Bhattacharyya, S. and Midwood, K. S. and Varga, J.},
   title = {{Tenascin-C in fibrosis in multiple organs: Translational implications}},
   journal = {Semin Cell Dev Biol},
   volume = {128},
   pages = {130-136},
   ISSN = {1096-3634 (Electronic)
1084-9521 (Linking)},
   DOI = {10.1016/j.semcdb.2022.03.019},
   url = {https://www.ncbi.nlm.nih.gov/pubmed/35400564},
   year = {2022},
   type = {Journal Article}
}

@article{ZULIANI_2023_TNC,
   author = {Zuliani-Alvarez, L. and Piccinini, A. M.},
   title = {{A virological view of tenascin-C in infection}},
   journal = {Am J Physiol Cell Physiol},
   volume = {324},
   number = {1},
   pages = {C1-C9},
   ISSN = {1522-1563 (Electronic)
0363-6143 (Linking)},
   DOI = {10.1152/ajpcell.00333.2022},
   url = {https://www.ncbi.nlm.nih.gov/pubmed/36458980},
   year = {2023},
   type = {Journal Article}
}

@article{WANG_2022_TNC,
   author = {Wang, Y. and Wang, G. and Liu, H.},
   title = {{Tenascin-C: A Key Regulator in Angiogenesis during Wound Healing}},
   journal = {Biomolecules},
   volume = {12},
   number = {11},
   ISSN = {2218-273X (Electronic)
2218-273X (Linking)},
   DOI = {10.3390/biom12111689},
   url = {https://www.ncbi.nlm.nih.gov/pubmed/36421704},
   year = {2022},
   type = {Journal Article}
}


@article{KHOMTCHOUK_2022_TNC,
   author = {Khomtchouk, B. B. and Lee, Y. S. and Khan, M. L. and Sun, P. and Mero, D. and Davidson, M. H.},
   title = {{Targeting the cytoskeleton and extracellular matrix in cardiovascular disease drug discovery}},
   journal = {Expert Opin Drug Discov},
   volume = {17},
   number = {5},
   pages = {443-460},
   ISSN = {1746-045X (Electronic)
1746-0441 (Print)
1746-0441 (Linking)},
   DOI = {10.1080/17460441.2022.2047645},
   url = {https://www.ncbi.nlm.nih.gov/pubmed/35258387},
   year = {2022},
   type = {Journal Article}
}

@article{LEPUCKI_2022_TNC,
   author = {Lepucki, A. and Orlinska, K. and Mielczarek-Palacz, A. and Kabut, J. and Olczyk, P. and Komosinska-Vassev, K.},
   title = {{The Role of Extracellular Matrix Proteins in Breast Cancer}},
   journal = {J Clin Med},
   volume = {11},
   number = {5},
   ISSN = {2077-0383 (Print)
2077-0383 (Electronic)
2077-0383 (Linking)},
   DOI = {10.3390/jcm11051250},
   url = {https://www.ncbi.nlm.nih.gov/pubmed/35268340},
   year = {2022},
   type = {Journal Article}
}

@article{AKHTAR_1976_PORPHYRIN,
   author = {Akhtar, M. and Abboud, M. M. and Barnard, G. and Jordan, P. and Zaman, Z.},
   title = {{Mechanism and stereochemistry of enzymic reactions involved in porphyrin biosynthesis}},
   journal = {Philos Trans R Soc Lond B Biol Sci},
   volume = {273},
   number = {924},
   pages = {117-36},
   ISSN = {0962-8436 (Print)
0962-8436 (Linking)},
   DOI = {10.1098/rstb.1976.0005},
   url = {https://www.ncbi.nlm.nih.gov/pubmed/4833},
   year = {1976},
   type = {Journal Article}
}

@article{MUNAKATA_1993_AMINOLEVULINATE,
   author = {Munakata, H. and Yamagami, T. and Nagai, T. and Yamamoto, M. and Hayashi, N.},
   title = {{Purification and structure of rat erythroid-specific delta-aminolevulinate synthase}},
   journal = {J Biochem},
   volume = {114},
   number = {1},
   pages = {103-11},
   ISSN = {0021-924X (Print)
0021-924X (Linking)},
   DOI = {10.1093/oxfordjournals.jbchem.a124123},
   url = {https://www.ncbi.nlm.nih.gov/pubmed/8407861},
   year = {1993},
   type = {Journal Article}
}

@article{SRIVASTAVA_1988_AMINOLEVULINATE,
   author = {Srivastava, G. and Borthwick, I. A. and Maguire, D. J. and Elferink, C. J. and Bawden, M. J. and Mercer, J. F. and May, B. K.},
   title = {{Regulation of 5-aminolevulinate synthase mRNA in different rat tissues}},
   journal = {J Biol Chem},
   volume = {263},
   number = {11},
   pages = {5202-9},
   ISSN = {0021-9258 (Print)
0021-9258 (Linking)},
   url = {https://www.ncbi.nlm.nih.gov/pubmed/3356687},
   year = {1988},
   type = {Journal Article}
}

@article{BAILEY_2020_AMINOLEVULINATE,
   author = {Bailey, H. J. and Bezerra, G. A. and Marcero, J. R. and Padhi, S. and Foster, W. R. and Rembeza, E. and Roy, A. and Bishop, D. F. and Desnick, R. J. and Bulusu, G. and Dailey, H. A., Jr. and Yue, W. W.},
   title = {{Human aminolevulinate synthase structure reveals a eukaryotic-specific autoinhibitory loop regulating substrate binding and product release}},
   journal = {Nat Commun},
   volume = {11},
   number = {1},
   pages = {2813},
   ISSN = {2041-1723 (Electronic)
2041-1723 (Linking)},
   DOI = {10.1038/s41467-020-16586-x},
   url = {https://www.ncbi.nlm.nih.gov/pubmed/32499479},
   year = {2020},
   type = {Journal Article}
}

@article{WHATLEY_2008_AMINOLEVULINATE,
   author = {Whatley, S. D. and Ducamp, S. and Gouya, L. and Grandchamp, B. and Beaumont, C. and Badminton, M. N. and Elder, G. H. and Holme, S. A. and Anstey, A. V. and Parker, M. and Corrigall, A. V. and Meissner, P. N. and Hift, R. J. and Marsden, J. T. and Ma, Y. and Mieli-Vergani, G. and Deybach, J. C. and Puy, H.},
   title = {{C-terminal deletions in the ALAS2 gene lead to gain of function and cause X-linked dominant protoporphyria without anemia or iron overload}},
   journal = {Am J Hum Genet},
   volume = {83},
   number = {3},
   pages = {408-14},
   ISSN = {1537-6605 (Electronic)
0002-9297 (Print)
0002-9297 (Linking)},
   DOI = {10.1016/j.ajhg.2008.08.003},
   url = {https://www.ncbi.nlm.nih.gov/pubmed/18760763},
   year = {2008},
   type = {Journal Article}
}

@article{DUCAMP_2011_SIDEROBLASTIC,
   author = {Ducamp, S. and Kannengiesser, C. and Touati, M. and Garcon, L. and Guerci-Bresler, A. and Guichard, J. F. and Vermylen, C. and Dochir, J. and Poirel, H. A. and Fouyssac, F. and Mansuy, L. and Leroux, G. and Tertian, G. and Girot, R. and Heimpel, H. and Matthes, T. and Talbi, N. and Deybach, J. C. and Beaumont, C. and Puy, H. and Grandchamp, B.},
   title = {{Sideroblastic anemia: molecular analysis of the ALAS2 gene in a series of 29 probands and functional studies of 10 missense mutations}},
   journal = {Hum Mutat},
   volume = {32},
   number = {6},
   pages = {590-7},
   ISSN = {1098-1004 (Electronic)
1059-7794 (Linking)},
   DOI = {10.1002/humu.21455},
   url = {https://www.ncbi.nlm.nih.gov/pubmed/21309041},
   year = {2011},
   type = {Journal Article}
}

@article{FURUYAMA_2000_SIDEROBLASTIC,
   author = {Furuyama, K. and Sassa, S.},
   title = {{Interaction between succinyl CoA synthetase and the heme-biosynthetic enzyme ALAS-E is disrupted in sideroblastic anemia}},
   journal = {J Clin Invest},
   volume = {105},
   number = {6},
   pages = {757-64},
   ISSN = {0021-9738 (Print)
0021-9738 (Linking)},
   DOI = {10.1172/JCI6816},
   url = {https://www.ncbi.nlm.nih.gov/pubmed/10727444},
   year = {2000},
   type = {Journal Article}
}

@article{YEE_1997_FIBRINOGEN,
   author = {Yee, V. C. and Pratt, K. P. and Cote, H. C. and Trong, I. L. and Chung, D. W. and Davie, E. W. and Stenkamp, R. E. and Teller, D. C.},
   title = {{Crystal structure of a 30 kDa C-terminal fragment from the gamma chain of human fibrinogen}},
   journal = {Structure},
   volume = {5},
   number = {1},
   pages = {125-38},
   ISSN = {0969-2126 (Print)
0969-2126 (Linking)},
   DOI = {10.1016/s0969-2126(97)00171-8},
   url = {https://www.ncbi.nlm.nih.gov/pubmed/9016719},
   year = {1997},
   type = {Journal Article}
}

@article{DASGUPTA_2022_ALLOSTERIC,
   author = {DasGupta, D. and Chan, W. K. B. and Carlson, H. A.},
   title = {{Computational Identification of Possible Allosteric Sites and Modulators of the SARS-CoV-2 Main Protease}},
   journal = {J Chem Inf Model},
   volume = {62},
   number = {3},
   pages = {618-626},
   ISSN = {1549-960X (Electronic)
1549-9596 (Print)
1549-9596 (Linking)},
   DOI = {10.1021/acs.jcim.1c01223},
   url = {https://www.ncbi.nlm.nih.gov/pubmed/35107014},
   year = {2022},
   type = {Journal Article}
}


@article{DOUANGAMATH_2020_SARSCOV2,
   author = {Douangamath, A. and Fearon, D. and Gehrtz, P. and Krojer, T. and Lukacik, P. and Owen, C. D. and Resnick, E. and Strain-Damerell, C. and Aimon, A. and Abranyi-Balogh, P. and Brandao-Neto, J. and Carbery, A. and Davison, G. and Dias, A. and Downes, T. D. and Dunnett, L. and Fairhead, M. and Firth, J. D. and Jones, S. P. and Keeley, A. and Keseru, G. M. and Klein, H. F. and Martin, M. P. and Noble, M. E. M. and O'Brien, P. and Powell, A. and Reddi, R. N. and Skyner, R. and Snee, M. and Waring, M. J. and Wild, C. and London, N. and von Delft, F. and Walsh, M. A.},
   title = {Crystallographic and electrophilic fragment screening of the SARS-CoV-2 main protease},
   journal = {Nat Commun},
   volume = {11},
   number = {1},
   pages = {5047},
   ISSN = {2041-1723 (Electronic)
2041-1723 (Linking)},
   DOI = {10.1038/s41467-020-18709-w},
   url = {https://www.ncbi.nlm.nih.gov/pubmed/33028810},
   year = {2020},
   type = {Journal Article}
}

@article{SANTANA_2020_GRaSP,
   author = {Santana, C. A. and Silveira, S. A. and Moraes, J. P. A. and Izidoro, S. C. and de Melo-Minardi, R. C. and Ribeiro, A. J. M. and Tyzack, J. D. and Borkakoti, N. and Thornton, J. M.},
   title = {{GRaSP: a graph-based residue neighborhood strategy to predict binding sites}},
   journal = {Bioinformatics},
   volume = {36},
   number = {Suppl_2},
   pages = {i726-i734},
   ISSN = {1367-4811 (Electronic)
1367-4803 (Linking)},
   DOI = {10.1093/bioinformatics/btaa805},
   url = {https://www.ncbi.nlm.nih.gov/pubmed/33381849},
   year = {2020},
   type = {Journal Article}
}

@article{JUMPER_2021_ALPHAFOLD,
   author = {Jumper, J. and Evans, R. and Pritzel, A. and Green, T. and Figurnov, M. and Ronneberger, O. and Tunyasuvunakool, K. and Bates, R. and Zidek, A. and Potapenko, A. and Bridgland, A. and Meyer, C. and Kohl, S. A. A. and Ballard, A. J. and Cowie, A. and Romera-Paredes, B. and Nikolov, S. and Jain, R. and Adler, J. and Back, T. and Petersen, S. and Reiman, D. and Clancy, E. and Zielinski, M. and Steinegger, M. and Pacholska, M. and Berghammer, T. and Bodenstein, S. and Silver, D. and Vinyals, O. and Senior, A. W. and Kavukcuoglu, K. and Kohli, P. and Hassabis, D.},
   title = {{Highly accurate protein structure prediction with AlphaFold}},
   journal = {Nature},
   volume = {596},
   number = {7873},
   pages = {583-589},
   ISSN = {1476-4687 (Electronic)
0028-0836 (Print)
0028-0836 (Linking)},
   DOI = {10.1038/s41586-021-03819-2},
   url = {https://www.ncbi.nlm.nih.gov/pubmed/34265844},
   year = {2021},
   type = {Journal Article}
}

@article{VARADI_2022_ALPHAFOLDDB,
   author = {Varadi, M. and Anyango, S. and Deshpande, M. and Nair, S. and Natassia, C. and Yordanova, G. and Yuan, D. and Stroe, O. and Wood, G. and Laydon, A. and Zidek, A. and Green, T. and Tunyasuvunakool, K. and Petersen, S. and Jumper, J. and Clancy, E. and Green, R. and Vora, A. and Lutfi, M. and Figurnov, M. and Cowie, A. and Hobbs, N. and Kohli, P. and Kleywegt, G. and Birney, E. and Hassabis, D. and Velankar, S.},
   title = {{AlphaFold Protein Structure Database: massively expanding the structural coverage of protein-sequence space with high-accuracy models}},
   journal = {Nucleic Acids Res},
   volume = {50},
   number = {D1},
   pages = {D439-D444},
   ISSN = {1362-4962 (Electronic)
0305-1048 (Print)
0305-1048 (Linking)},
   DOI = {10.1093/nar/gkab1061},
   url = {https://www.ncbi.nlm.nih.gov/pubmed/34791371},
   year = {2022},
   type = {Journal Article}
}

@article{KRIVAK_2018_P2RANK,
   author = {Krivak, R. and Hoksza, D.},
   title = {{P2Rank: machine learning based tool for rapid and accurate prediction of ligand binding sites from protein structure}},
   journal = {J Cheminform},
   volume = {10},
   number = {1},
   pages = {39},
   ISSN = {1758-2946 (Print)
1758-2946 (Electronic)
1758-2946 (Linking)},
   DOI = {10.1186/s13321-018-0285-8},
   url = {https://www.ncbi.nlm.nih.gov/pubmed/30109435},
   year = {2018},
   type = {Journal Article}
}

@article{BEKES_2022_PROTACS,
   author = {Bekes, M. and Langley, D. R. and Crews, C. M.},
   title = {{PROTAC targeted protein degraders: the past is prologue}},
   journal = {Nat Rev Drug Discov},
   volume = {21},
   number = {3},
   pages = {181-200},
   ISSN = {1474-1784 (Electronic)
1474-1776 (Print)
1474-1776 (Linking)},
   DOI = {10.1038/s41573-021-00371-6},
   url = {https://www.ncbi.nlm.nih.gov/pubmed/35042991},
   year = {2022},
   type = {Journal Article}
}

@article{SIRIWARDENA_2020_PHOSPHO,
   author = {Siriwardena, S. U. and Munkanatta Godage, D. N. P. and Shoba, V. M. and Lai, S. and Shi, M. and Wu, P. and Chaudhary, S. K. and Schreiber, S. L. and Choudhary, A.},
   title = {{Phosphorylation-Inducing Chimeric Small Molecules}},
   journal = {J Am Chem Soc},
   volume = {142},
   number = {33},
   pages = {14052-14057},
   ISSN = {1520-5126 (Electronic)
0002-7863 (Linking)},
   DOI = {10.1021/jacs.0c05537},
   url = {https://www.ncbi.nlm.nih.gov/pubmed/32787262},
   year = {2020},
   type = {Journal Article}
}

@article{SIMPSON_2023_ADPROM,
   author = {Simpson, L. M. and Fulcher, L. J. and Sathe, G. and Brewer, A. and Zhao, J. F. and Squair, D. R. and Crooks, J. and Wightman, M. and Wood, N. T. and Gourlay, R. and Varghese, J. and Soares, R. F. and Sapkota, G. P.},
   title = {{An affinity-directed phosphatase, AdPhosphatase, system for targeted protein dephosphorylation}},
   journal = {Cell Chem Biol},
   volume = {30},
   number = {2},
   pages = {188-202 e6},
   ISSN = {2451-9448 (Electronic)
2451-9448 (Linking)},
   DOI = {10.1016/j.chembiol.2023.01.003},
   url = {https://www.ncbi.nlm.nih.gov/pubmed/36720221},
   year = {2023},
   type = {Journal Article}
}

@article{HEITEL_2023_PTMS,
   author = {Heitel, P.},
   title = {{Emerging TACnology: Heterobifunctional Small Molecule Inducers of Targeted Posttranslational Protein Modifications}},
   journal = {Molecules},
   volume = {28},
   number = {2},
   ISSN = {1420-3049 (Electronic)
1420-3049 (Linking)},
   DOI = {10.3390/molecules28020690},
   url = {https://www.ncbi.nlm.nih.gov/pubmed/36677746},
   year = {2023},
   type = {Journal Article}
}

@article{PENG_2023_PTMS,
   author = {Peng, Y. and Liu, J. and Inuzuka, H. and Wei, W.},
   title = {{Targeted protein posttranslational modifications by chemically induced proximity for cancer therapy}},
   journal = {J Biol Chem},
   volume = {299},
   number = {4},
   pages = {104572},
   ISSN = {1083-351X (Electronic)
0021-9258 (Print)
0021-9258 (Linking)},
   DOI = {10.1016/j.jbc.2023.104572},
   url = {https://www.ncbi.nlm.nih.gov/pubmed/36870680},
   year = {2023},
   type = {Journal Article}
}

@article{MURRAY_2009_FBDD,
   author = {Murray, C. W. and Rees, D. C.},
   title = {{The rise of fragment-based drug discovery}},
   journal = {Nat Chem},
   volume = {1},
   number = {3},
   pages = {187-92},
   ISSN = {1755-4349 (Electronic)
1755-4330 (Linking)},
   DOI = {10.1038/nchem.217},
   url = {https://www.ncbi.nlm.nih.gov/pubmed/21378847},
   year = {2009},
   type = {Journal Article}
}

@article{CONGREVE_2003_RO3,
   author = {Congreve, M. and Carr, R. and Murray, C. and Jhoti, H.},
   title = {{A 'rule of three' for fragment-based lead discovery?}},
   journal = {Drug Discov Today},
   volume = {8},
   number = {19},
   pages = {876-7},
   ISSN = {1359-6446 (Print)
1359-6446 (Linking)},
   DOI = {10.1016/s1359-6446(03)02831-9},
   url = {https://www.ncbi.nlm.nih.gov/pubmed/14554012},
   year = {2003},
   type = {Journal Article}
}

@article{REES_2004_FBLD,
   author = {Rees, D. C. and Congreve, M. and Murray, C. W. and Carr, R.},
   title = {{Fragment-based lead discovery}},
   journal = {Nat Rev Drug Discov},
   volume = {3},
   number = {8},
   pages = {660-72},
   ISSN = {1474-1776 (Print)
1474-1776 (Linking)},
   DOI = {10.1038/nrd1467},
   url = {https://www.ncbi.nlm.nih.gov/pubmed/15286733},
   year = {2004},
   type = {Journal Article}
}

@article{SCHIEBEL_2016_FRAGMENTS,
   author = {Schiebel, J. and Radeva, N. and Krimmer, S. G. and Wang, X. and Stieler, M. and Ehrmann, F. R. and Fu, K. and Metz, A. and Huschmann, F. U. and Weiss, M. S. and Mueller, U. and Heine, A. and Klebe, G.},
   title = {{Six Biophysical Screening Methods Miss a Large Proportion of Crystallographically Discovered Fragment Hits: A Case Study}},
   journal = {ACS Chem Biol},
   volume = {11},
   number = {6},
   pages = {1693-701},
   ISSN = {1554-8937 (Electronic)
1554-8929 (Linking)},
   DOI = {10.1021/acschembio.5b01034},
   url = {https://www.ncbi.nlm.nih.gov/pubmed/27028906},
   year = {2016},
   type = {Journal Article}
}

@article{GUILLOUX_2009_FPOCKET,
   author = {Le Guilloux, V. and Schmidtke, P. and Tuffery, P.},
   title = {Fpocket: an open source platform for ligand pocket detection},
   journal = {BMC Bioinformatics},
   volume = {10},
   pages = {168},
   ISSN = {1471-2105 (Electronic)
1471-2105 (Linking)},
   DOI = {10.1186/1471-2105-10-168},
   url = {https://www.ncbi.nlm.nih.gov/pubmed/19486540},
   year = {2009},
   type = {Journal Article}
}

@article{LEXA_2011_FLEXIBILITY,
   author = {Lexa, K. W. and Carlson, H. A.},
   title = {{Full protein flexibility is essential for proper hot-spot mapping}},
   journal = {J Am Chem Soc},
   volume = {133},
   number = {2},
   pages = {200-2},
   ISSN = {1520-5126 (Electronic)
0002-7863 (Print)
0002-7863 (Linking)},
   DOI = {10.1021/ja1079332},
   url = {https://www.ncbi.nlm.nih.gov/pubmed/21158470},
   year = {2011},
   type = {Journal Article}
}

@article{GHANAKOTA_2018_MIXMD,
   author = {Ghanakota, P. and van Vlijmen, H. and Sherman, W. and Beuming, T.},
   title = {{Large-Scale Validation of Mixed-Solvent Simulations to Assess Hotspots at Protein-Protein Interaction Interfaces}},
   journal = {J Chem Inf Model},
   volume = {58},
   number = {4},
   pages = {784-793},
   ISSN = {1549-960X (Electronic)
1549-9596 (Linking)},
   DOI = {10.1021/acs.jcim.7b00487},
   url = {https://www.ncbi.nlm.nih.gov/pubmed/29617116},
   year = {2018},
   type = {Journal Article}
}

@article{ALVAREZ_2014_MIXMD,
   author = {Alvarez-Garcia, D. and Barril, X.},
   title = {{Molecular simulations with solvent competition quantify water displaceability and provide accurate interaction maps of protein binding sites}},
   journal = {J Med Chem},
   volume = {57},
   number = {20},
   pages = {8530-9},
   ISSN = {1520-4804 (Electronic)
0022-2623 (Linking)},
   DOI = {10.1021/jm5010418},
   url = {https://www.ncbi.nlm.nih.gov/pubmed/25275946},
   year = {2014},
   type = {Journal Article}
}

@article{FALLER_2015_SILCS,
   author = {Faller, C. E. and Raman, E. P. and MacKerell, A. D., Jr. and Guvench, O.},
   title = {{Site Identification by Ligand Competitive Saturation (SILCS) simulations for fragment-based drug design}},
   journal = {Methods Mol Biol},
   volume = {1289},
   pages = {75-87},
   ISSN = {1940-6029 (Electronic)
1064-3745 (Print)
1064-3745 (Linking)},
   DOI = {10.1007/978-1-4939-2486-8_7},
   url = {https://www.ncbi.nlm.nih.gov/pubmed/25709034},
   year = {2015},
   type = {Journal Article}
}